<?xml version="1.0" encoding="UTF-8"?><collection xmlns="http://www.loc.gov/MARC21/slim"><record><leader>00434nam--2200133-i-4500</leader><controlfield tag="001">000025715</controlfield><controlfield tag="002">20161230</controlfield><controlfield tag="005">20161230201036</controlfield><controlfield tag="008">060222s1000------------r-----000-0-eng-d</controlfield><datafield ind1=" " ind2=" " tag="080"><subfield code="a">679.574.125.1.06</subfield></datafield><datafield ind1=" " ind2=" " tag="100"><subfield code="a">Jungnickel, Heinz Si Wippenhohn, Heinz</subfield></datafield><datafield ind1=" " ind2=" " tag="245"><subfield code="a">Mase plastice de policlorura de vinil pentru industrie si ateliere mestesugaresti. trad.din l.germana</subfield></datafield><datafield ind1=" " ind2=" " tag="260"><subfield code="a">Bucuresti, Idt, 1957, 228p.Cu Fig.+ Erata</subfield></datafield><datafield ind1=" " ind2=" " tag="852"><subfield code="a">4517</subfield></datafield></record></collection>